@Article{notastioafel,
author = {Afonso Celso del Nero},
title = {Notas de Aula de Introdução a Otimização}
}

