@Article{notastioafel,
author = {Afonso Celso del Nero},
title = {Notas de Aula de Introdução a Otimização}
}

@article{nelder1965simplex,
  title={A simplex method for function minimization},
  author={Nelder, John A and Mead, Roger},
  journal={The computer journal},
  volume={7},
  number={4},
  pages={308--313},
  year={1965},
  publisher={Br Computer Soc}
}

@Article{trabalho2,
author = {Cayo Valsamis and Gabriel Pelielo and Rodrigo Moysés and Rafael Accácio},
title = {Trabalho 2 - Introdução à Otimização}
}


%% GENETICO %%

@book{lindenalgoritmos,
	title={Algoritmos Gen{\'e}ticos (2a edi{\c{c}}{\~a}o)},
	author={LINDEN, R.},
	isbn={9788574523736},
	url={https://books.google.com.br/books?id=it0kv6UsEMEC},
	publisher={BRASPORT}
}

@book{mitchell1998introduction,
	title={An Introduction to Genetic Algorithms},
	author={Mitchell, M.},
	isbn={9780262631853},
	lccn={95024489},
	series={A Bradford book},
	url={https://books.google.com.br/books?id=0eznlz0TF-IC},
	year={1998},
	publisher={Bradford Books}
}

@Inbook{Eiben1994,
	author="Eiben, A. E.
	and Rau{\'e}, P. -E.
	and Ruttkay, Zs.",
	editor="Davidor, Yuval
	and Schwefel, Hans-Paul
	and M{\"a}nner, Reinhard",
	chapter="Genetic algorithms with multi-parent recombination",
	title="Parallel Problem Solving from Nature --- PPSN III: International Conference on Evolutionary Computation The Third Conference on Parallel Problem Solving from Nature Jerusalem, Israel, October 9--14, 1994 Proceedings",
	year="1994",
	publisher="Springer Berlin Heidelberg",
	address="Berlin, Heidelberg",
	pages="78--87",
	isbn="978-3-540-49001-2",
	doi="10.1007/3-540-58484-6_252",
	url="http://dx.doi.org/10.1007/3-540-58484-6_252"
}

@Article{whitleyGAtutorial,
	author="Whitley, Darrell",
	title="A genetic algorithm tutorial",
	journal="Statistics and Computing",
	volume="4",
	number="2",
	pages="65--85",
	abstract="This tutorial covers the canonical genetic algorithm as well as more experimental forms of genetic algorithms, including parallel island models and parallel cellular genetic algorithms. The tutorial also illustrates genetic search by hyperplane sampling. The theoretical foundations of genetic algorithms are reviewed, include the schema theorem as well as recently developed exact models of the canonical genetic algorithm.",
	issn="1573-1375",
	doi="10.1007/BF00175354",
	url="http://dx.doi.org/10.1007/BF00175354"
}

@Inbook{Ting2005,
	author="Ting, Chuan-Kang",
	editor="Capcarr{\`e}re, Mathieu S.
	and Freitas, Alex A.
	and Bentley, Peter J.
	and Johnson, Colin G.
	and Timmis, Jon",
	chapter="On the Mean Convergence Time of Multi-parent Genetic Algorithms Without Selection",
	title="Advances in Artificial Life: 8th European Conference, ECAL 2005, Canterbury, UK, September 5-9, 2005. Proceedings",
	year="2005",
	publisher="Springer Berlin Heidelberg",
	address="Berlin, Heidelberg",
	pages="403--412",
	isbn="978-3-540-31816-3",
	doi="10.1007/11553090_41",
	url="http://dx.doi.org/10.1007/11553090_41"
}


